% Bibliography entries go here

@misc{chauhan2025b,
  title        = {Recursive Becoming II: Clay Problem Proofs},
  author       = {Chetan Singh Chauhan and Dharamveer Singh Chouhan},
  note         = {in preparation},
  year         = {2025}
}
